<record><leader>00000cas a2200000 a 4500</leader><controlfield tag="001">15096760</controlfield><controlfield tag="008">870121d192119uucauwr ne      0    0spa c</controlfield><datafield ind1=" " ind2=" " tag="010"><subfield code="a">sn 86090749 </subfield></datafield><datafield ind1=" " ind2=" " tag="040"><subfield code="a">PPM</subfield><subfield code="b">eng</subfield><subfield code="c">PPM</subfield><subfield code="d">IUL</subfield><subfield code="d">CNK</subfield><subfield code="d">CNW</subfield><subfield code="d">OCLCQ</subfield><subfield code="d">DLC</subfield><subfield code="d">OCLCQ</subfield><subfield code="d">OCLCF</subfield><subfield code="d">OCLCO</subfield><subfield code="d">IUL</subfield><subfield code="d">OCLCO</subfield></datafield><datafield ind1="1" ind2=" " tag="029"><subfield code="a">AU@</subfield><subfield code="b">000025790393</subfield></datafield><datafield ind1=" " ind2=" " tag="042"><subfield code="a">pcc</subfield></datafield><datafield ind1=" " ind2=" " tag="043"><subfield code="a">n-us-ca</subfield></datafield><datafield ind1=" " ind2="4" tag="050"><subfield code="a">E184.M5</subfield><subfield code="b">C46</subfield></datafield><datafield ind1="0" ind2="0" tag="050"><subfield code="a">Newspaper</subfield></datafield><datafield ind1="0" ind2=" " tag="130"><subfield code="a">Centro America (San Francisco, Calif.)</subfield></datafield><datafield ind1="1" ind2="0" tag="245"><subfield code="a">Centro America.</subfield></datafield><datafield ind1=" " ind2=" " tag="260"><subfield code="a">San Francisco, Ca. :</subfield><subfield code="b">Jose Rodriquez Cerna</subfield></datafield><datafield ind1=" " ind2=" " tag="300"><subfield code="a">v.</subfield></datafield><datafield ind1=" " ind2=" " tag="310"><subfield code="a">Weekly</subfield></datafield><datafield ind1="0" ind2=" " tag="362"><subfield code="a">An&#771;o 1, no. 1 (Feb. 20, 1921)-</subfield></datafield><datafield ind1=" " ind2=" " tag="500"><subfield code="a">Microfilm published by BMI Imaging Systems; issued in series: Chicano serials collection.</subfield></datafield><datafield ind1=" " ind2=" " tag="500"><subfield code="a">"Seminario de informacion, politica, comercio, literatuara, arte y variedades."</subfield></datafield><datafield ind1=" " ind2=" " tag="546"><subfield code="a">In Spanish and English.</subfield></datafield><datafield ind1=" " ind2=" " tag="588"><subfield code="a">Latest issue consulted: Vol. 1, no. 27 (agosto 25, 1921).</subfield></datafield><datafield ind1=" " ind2="0" tag="650"><subfield code="a">Hispanic Americans</subfield><subfield code="z">California</subfield><subfield code="v">Newspapers.</subfield></datafield><datafield ind1=" " ind2="0" tag="651"><subfield code="a">San Francisco (Calif.)</subfield><subfield code="v">Newspapers.</subfield></datafield><datafield ind1=" " ind2="7" tag="650"><subfield code="a">Hispanic Americans.</subfield><subfield code="2">fast</subfield><subfield code="0">(OCoLC)fst00957523</subfield></datafield><datafield ind1=" " ind2="7" tag="651"><subfield code="a">California.</subfield><subfield code="2">fast</subfield><subfield code="0">(OCoLC)fst01204928</subfield></datafield><datafield ind1=" " ind2="7" tag="651"><subfield code="a">California</subfield><subfield code="z">San Francisco.</subfield><subfield code="2">fast</subfield><subfield code="0">(OCoLC)fst01204481</subfield></datafield><datafield ind1=" " ind2="7" tag="655"><subfield code="a">Newspapers.</subfield><subfield code="2">fast</subfield><subfield code="0">(OCoLC)fst01423814</subfield></datafield><datafield ind1="1" ind2=" " tag="700"><subfield code="a">Rodri&#769;guez Cerna, Jose&#769;,</subfield><subfield code="e">publisher.</subfield></datafield><datafield ind1=" " ind2=" " tag="752"><subfield code="a">United States</subfield><subfield code="b">California</subfield><subfield code="c">San Francisco</subfield><subfield code="d">San Francisco.</subfield></datafield><datafield ind1="0" ind2="8" tag="776"><subfield code="i">Microfilm version:</subfield><subfield code="t">Centro Ame&#769;rica (San Francisco, Calif. : 1921)</subfield><subfield code="w">(OCoLC)17166206</subfield></datafield><datafield ind1="0" ind2="8" tag="776"><subfield code="i">Online version:</subfield><subfield code="t">Centro America (San Francisco, Calif.)</subfield><subfield code="w">(OCoLC)732637190</subfield></datafield></record>